%! Author = a
%! Date = 1/27/25

